@INPROCEEDINGS{article1, 
author={M. Sugumaran and B. B. Murugan and D. Kamalraj}, 
booktitle={Computing and Communication Technologies (WCCCT), 2014 World Congress on}, 
title={An Architecture for Data Security in Cloud Computing}, 
year={2014}, 
pages={252-255}, 
keywords={cloud computing;cryptography;data protection;electronic data interchange;industrial property;safety-critical software;service-oriented architecture;block cipher;business services;client data;cloud computing;cloud service providers;consumer services;cryptography technique;data availability;data backup;data conversion;data ownership;data portability;data privacy;data protection;data reliability;data security architecture;data storage;distributed service-oriented architecture;encrypted data format;identity management;intellectual property;multiuser multidomain administrative infrastructure;software isolation;trust factor;Ciphers;Cloud computing;Computer architecture;Encryption;Cloud computing;data privacy;data security;symmetric cryptography;virtualization}, 
doi={10.1109/WCCCT.2014.53}, 
month={Feb},}

@INPROCEEDINGS{article2, 
author={P. K. Tiwari and S. Joshi}, 
booktitle={Computational Intelligence and Computing Research (ICCIC), 2014 IEEE International Conference on}, 
title={A review of data security and privacy issues over SaaS}, 
year={2014}, 
pages={1-6}, 
keywords={cloud computing;data privacy;security of data;Internet;SaaS;cloud computing;cloud service providers;data privacy;data security;SAML (Security Assertion Markup Language);SSL (Secure Socket Layer);Security;TLS (Transport Layer Security)}, 
doi={10.1109/ICCIC.2014.7238432}, 
month={Dec},}


@INPROCEEDINGS{article3, 
author={M. A. AlZain and E. Pardede and B. Soh and J. A. Thom}, 
booktitle={System Science (HICSS), 2012 45th Hawaii International Conference on}, 
title={Cloud Computing Security: From Single to Multi-clouds}, 
year={2012}, 
pages={5490-5499}, 
keywords={cloud computing;security of data;cloud computing security;cloud storage providers;cloud-of-clouds;interclouds;malicious insiders;multicloud security;security risk reduction;service availability failure;single cloud providers;single cloud security;Availability;Cloud computing;Clouds;Computational modeling;Protocols;Security;Servers;Cloud computing;cloud storage;data integrity;data intrusion;multi-clouds;service availability;single cloud}, 
doi={10.1109/HICSS.2012.153}, 
ISSN={1530-1605}, 
month={Jan},}

@INPROCEEDINGS{article4, 
author={D. Chen and H. Zhao}, 
booktitle={Computer Science and Electronics Engineering (ICCSEE), 2012 International Conference on}, 
title={Data Security and Privacy Protection Issues in Cloud Computing}, 
year={2012}, 
volume={1}, 
pages={647-651}, 
keywords={cloud computing;data privacy;business critical applications;cloud computing;consumers perspective;data life cycle;data privacy protection;data security protection;enterprise applications;Cloud computing;Computational modeling;Data models;Data privacy;Encryption;access control;cloud computing;cloud computing security;data security;data segregation;privacy protection}, 
doi={10.1109/ICCSEE.2012.193}, 
month={March},}

@INPROCEEDINGS{article5, 
author={P. Dinadayalan and S. Jegadeeswari and D. Gnanambigai}, 
booktitle={Computing and Communication Technologies (WCCCT), 2014 World Congress on}, 
title={Data Security Issues in Cloud Environment and Solutions}, 
year={2014}, 
pages={88-91}, 
keywords={cloud computing;data privacy;security of data;Internet based model;cloud computing security concerns;cloud computing services;cloud environment;computing resources;data security issues;networks;pay per use access;privacy protection issues;servers;shared resources;Cloud computing;Computers;Data privacy;Data security;Organizations;Privacy;Cloud Computing;Cloud Computing Security;Data Security;Privacy protection}, 
doi={10.1109/WCCCT.2014.63}, 
month={Feb},}

@INPROCEEDINGS{article6, 
author={M. Z. Meetei and A. Goel}, 
booktitle={Biomedical Engineering and Informatics (BMEI), 2012 5th International Conference on}, 
title={Security issues in cloud computing}, 
year={2012}, 
pages={1321-1325}, 
keywords={cloud computing;security of data;Internet;application security;cloud computing;data storage security;data transmission security;distributed computing environments;enterprise customers;security issues;third-part resources;Cloud Assessment;Cloud Computing;Security}, 
doi={10.1109/BMEI.2012.6513028}, 
month={Oct},}


@INPROCEEDINGS{article7, 
author={S. D. Choubey and M. K. Namdeo}, 
booktitle={Green Computing and Internet of Things (ICGCIoT), 2015 International Conference on}, 
title={Study of data security and privacy preserving solutions in cloud computing}, 
year={2015}, 
pages={1101-1106}, 
keywords={cloud computing;cryptography;data privacy;resource allocation;risk analysis;storage management;Internet;Intranet;cloud computing;cloud computing models;cloud storage;computing services;data privacy;data privacy preserving solutions;data security;data security solutions;data vulnerability;encryption techniques;file-sharing;network based technology;social network;Computational modeling;Computer architecture;Encryption;Privacy;Standards;cloud security;data preserving;data privacy and security;encryption & decryption techniques in cloud}, 
doi={10.1109/ICGCIoT.2015.7380627}, 
month={Oct},}

@INPROCEEDINGS{article8, 
author={Z. Tang and X. Wang and L. Jia and X. Zhang and W. Man}, 
booktitle={Engineering and Technology (S-CET), 2012 Spring Congress on}, 
title={Study on Data Security of Cloud Computing}, 
year={2012}, 
pages={1-3}, 
keywords={cloud computing;security of data;cloud computing;comprehensive data summary;data security principles;user control;users data;Access control;Cloud computing;Computers;Privacy}, 
doi={10.1109/SCET.2012.6341932}, 
month={May},}